@article{pan2019fuzzy,
  title   = {Fuzzy tiling activations: A simple approach to learning sparse representations online},
  author  = {Pan, Yangchen and Banman, Kirby and White, Martha},
  journal = {arXiv preprint arXiv:1911.08068},
  year    = {2019}
}

@article{mnih2013playing,
  title   = {Playing atari with deep reinforcement learning},
  author  = {Mnih, Volodymyr and Kavukcuoglu, Koray and Silver, David and Graves, Alex and Antonoglou, Ioannis and Wierstra, Daan and Riedmiller, Martin},
  journal = {arXiv preprint arXiv:1312.5602},
  year    = {2013}
}